
@misc{noauthor_welcome_nodate,
	title = {Welcome to the {Sage} {Tutorial}! — {Sage} {Tutorial} v7.6},
        howpublished = {En ligne},
	url = {http://doc.sagemath.org/html/en/tutorial/index.html},
	urldate = {2017-05-23}
}

@misc{noauthor_python_nodate,
	title = {Python 2.7.13 documentation},
        howpublished = {En ligne},
	url = {https://docs.python.org/2/},
	urldate = {2017-05-23}
}

@article{ore_pols,
    author = {Kauers, Manuel and Jaroschek, Maximilian and Johansson, Fredrik},
    journal = {En ligne},
    title = {Ore Polynomials in Sage},
    url = {http://www.algebra.uni-linz.ac.at/people/mkauers/publications/kauers14b.pdf},
    urldate = {2017-05-23}
}

@book{zimmermann_calcul_2013,
	address = {S.l.},
	title = {Calcul mathématique avec {Sage}},
	isbn = {978-1-4811-9104-3},
	abstract = {Sage est un logiciel libre de calcul mathématique s'appuyant sur le langage de programmation Python. Ses auteurs, une communauté internationale de centaines d'enseignants et de chercheurs, se sont donné pour mission de fournir une alternative viable aux logiciels Magma, Maple, Mathematica et Matlab. Sage fait appel pour cela à de multiples logiciels libres existants, comme GAP, Maxima, PARI et diverses bibliothèques scientifiques pour Python, auxquels il ajoute des milliers de nouvelles fonctions. Il est disponible gratuitement et fonctionne sur les systèmes d'exploitation usuels. Pour les lycéens, Sage est une formidable calculatrice scientifique et graphique. Il assiste efficacement l'étudiant de premier cycle universitaire dans ses calculs en analyse, en algèbre linéaire, etc. Pour la suite du parcours universitaire, ainsi que pour les chercheurs et les ingénieurs, Sage propose les algorithmes les plus récents dans diverses branches des mathématiques. De ce fait, de nombreuses universités enseignent Sage dès le premier cycle pour les travaux pratiques et les projets. Ce livre est le premier ouvrage généraliste sur Sage, toutes langues confondues. Coécrit par des enseignants et chercheurs intervenant à tous les niveaux (IUT, classes préparatoires, licence, master, doctorat), il met l'accent sur les mathématiques sous-jacentes à une bonne compréhension du logiciel. En cela, il correspond plus à un cours de mathématiques effectives illustré par des exemples avec Sage qu'à un mode d'emploi ou un manuel de référence. La première partie est accessible aux élèves de licence. Le contenu des parties suivantes s'inspire du programme de l'épreuve de modélisation de l'agrégation de mathématiques. Ce livre est diffusé sous licence libre Creative Commons. Il peut être téléchargé gratuitement depuis http://sagebook.gforge.inria.fr/.},
	language = {Français},
	publisher = {CreateSpace Independent Publishing Platform},
	author = {Zimmermann, Paul and Fousse, Laurent and Maltey, François and Meulien, Matthias and Mezzarobba, Marc and Pernet, Clément and Thiéry, Nicolas M. and Casamayou, Alexandre and Cohen, Nathann and Connan, Guillaume and Dumont, Thierry},
	year = {2013}
}

@book{kauers_concrete_2011,
	title = {The {Concrete} {Tetrahedron} : {Symbolic} {Sums}, {Recurrence} {Equations}, {Generating} {Functions}, {Asymptotic} {Estimates}},
	shorttitle = {[({The} {Concrete} {Tetrahedron}},
	language = {Anglais},
	publisher = {SPRINGER VERLAG GMBH},
	author = {Kauers, Manuel and Paule, Peter},
	year = {2011}
}

@techreport{salvy_gfun_1992,
	type = {report},
	title = {{GFUN} : a maple package for the manipulation of generating and holonomic functions in one variable},
	shorttitle = {{GFUN}},
	url = {https://hal.inria.fr/inria-00070025/document},
	abstract = {We describe the GFUN package which contains functions for manipulating sequences, linear recurrences or differential equations and generating functions of various types. This document is intended both as an elementary introduction to the subject and as a reference manual for the package.},
	language = {en},
	urldate = {2017-05-23},
	institution = {INRIA},
	author = {Salvy, Bruno and Zimmermann, Paul},
	year = {1992},
	pages = {14},
}
